<?xml version="1.0" encoding="UTF-8"?><collection xmlns="http://www.loc.gov/MARC21/slim"><record><leader>00408nam--2200133-i-4500</leader><controlfield tag="001">000034943</controlfield><controlfield tag="002">20161230</controlfield><controlfield tag="005">20161230201040</controlfield><controlfield tag="008">060222s1000------------r-----000-0-eng-d</controlfield><datafield ind1=" " ind2=" " tag="080"><subfield code="a">530.1</subfield></datafield><datafield ind1=" " ind2=" " tag="245"><subfield code="a">What does the boson missing mass spectrum reveal?speculative arguments and phenomenological analyses</subfield></datafield><datafield ind1=" " ind2=" " tag="260"><subfield code="a">Tokyo, Waseda University, /F.An./ 21p. + 15fig</subfield></datafield><datafield ind1=" " ind2=" " tag="700"><subfield code="a">Namiki, Mikio/S.A.</subfield></datafield><datafield ind1=" " ind2=" " tag="852"><subfield code="a">36835</subfield></datafield></record></collection>